@misc{PRU,
    author = "Texas Instruments",
    title = "{AM335x PRU-ICSS Reference Guide}",
    howpublished =   "\url{https://elinux.org/images/d/da/Am335xPruReferenceGuide.pdf}"
}
@misc{compiler,
    author = "Texas Instruments",
    title = "{PRU} Optimizing {C/C++} Compiler",
    howpublished =   "\url{http://www.ti.com/lit/ug/spruhv7b/spruhv7b.pdf}"
}
@misc{TRM,
    author = "Texas Instruments",
    title = "{AM335x} and {AMIC110} {Sitaraâ„¢} Processors {Technical Reference Manual}",
    howpublished =   "\url{http://www.ti.com/lit/ug/spruh73p/spruh73p.pdf}"
}
@misc{swpkg,
    author = "Texas Instruments",
    title = "{PRU} software support package",
    howpublished = "\url{http://www.ti.com/tool/PRU-SWPKG}"
}
@misc{sdk,
    author = "Texas Instruments",
    title = "{PRU} {SDK} {Linux} Installer",
    howpublished = "\url{http://processors.wiki.ti.com/index.php/Processor_SDK_Linux_Installer}"
}
@misc{rpmsg,
    author = "Texas Instruments",
    title = "{RPMsg} Quick Start Guide",
    howpublished = "\url{http://processors.wiki.ti.com/index.php/RPMsg_Quick_Start_Guide}"
}
